<?xml version="1.0" encoding="UTF-8"?><record xmlns="http://www.loc.gov/MARC21/slim" xmlns:cinclude="http://apache.org/cocoon/include/1.0" xmlns:zs="http://www.loc.gov/zing/srw/">
  <leader>01738cz  a2200265n  4500</leader>
  <controlfield tag="001">n  50036950 </controlfield>
  <controlfield tag="003">DLC</controlfield>
  <controlfield tag="005">20140502073720.0</controlfield>
  <controlfield tag="008">800721n| azannaabn          |n aaa      </controlfield>
  <datafield tag="010" ind1=" " ind2=" ">
    <subfield code="a">n  50036950 </subfield>
  </datafield>
  <datafield tag="035" ind1=" " ind2=" ">
    <subfield code="a">(OCoLC)oca00072196</subfield>
  </datafield>
  <datafield tag="040" ind1=" " ind2=" ">
    <subfield code="a">DLC</subfield>
    <subfield code="b">eng</subfield>
    <subfield code="e">rda</subfield>
    <subfield code="c">DLC</subfield>
    <subfield code="d">NN</subfield>
    <subfield code="d">IEN</subfield>
  </datafield>
  <datafield tag="046" ind1=" " ind2=" ">
    <subfield code="f">19140205</subfield>
    <subfield code="g">20020530</subfield>
  </datafield>
  <datafield tag="100" ind1="1" ind2=" ">
    <subfield code="a">Metcalf, George R.,</subfield>
    <subfield code="d">1914-2002</subfield>
  </datafield>
  <datafield tag="370" ind1=" " ind2=" ">
    <subfield code="a">Auburn (N.Y.)</subfield>
    <subfield code="b">Auburn (N.Y.)</subfield>
    <subfield code="c">United States</subfield>
  </datafield>
  <datafield tag="372" ind1=" " ind2=" ">
    <subfield code="a">Journalism</subfield>
    <subfield code="a">Civil service</subfield>
    <subfield code="2">lcsh</subfield>
  </datafield>
  <datafield tag="373" ind1=" " ind2=" ">
    <subfield code="a">Princeton University</subfield>
    <subfield code="a">Columbia University. Graduate School of Journalism</subfield>
    <subfield code="2">naf</subfield>
  </datafield>
  <datafield tag="374" ind1=" " ind2=" ">
    <subfield code="a">Authors</subfield>
    <subfield code="2">lcsh</subfield>
  </datafield>
  <datafield tag="374" ind1=" " ind2=" ">
    <subfield code="a">Civil servants</subfield>
  </datafield>
  <datafield tag="375" ind1=" " ind2=" ">
    <subfield code="a">male</subfield>
  </datafield>
  <datafield tag="377" ind1=" " ind2=" ">
    <subfield code="a">eng</subfield>
  </datafield>
  <datafield tag="378" ind1=" " ind2=" ">
    <subfield code="q">George Rich</subfield>
  </datafield>
  <datafield tag="670" ind1=" " ind2=" ">
    <subfield code="a">His Papers, 1950-65.</subfield>
  </datafield>
  <datafield tag="670" ind1=" " ind2=" ">
    <subfield code="a">George R. Metcalf papers, 1956-1971:</subfield>
    <subfield code="b">(George Rich Metcalf, white American New York State senator (1951-1965); president of the National Committee Against Discrimination in Housing; authore of books on black history and racial injustice)</subfield>
  </datafield>
  <datafield tag="670" ind1=" " ind2=" ">
    <subfield code="a">Fort Hill Cemetery WWW site, March 7, 2014:</subfield>
    <subfield code="b">(Notable People: George R. Metcalf: N.Y. State Senator, activist, businessman, author and philanthropist; George Rich Metcalf (b. Feb. 5, 1914 in Auburn, New York - d. May 30, 2002, Auburn, New York) graduated from Princeton University; Master's in Journalism from Columbia University, 1937; started his own publishing firm, The Auburn Press in 1938; in 1948 he became chairman of the Auburn Housing Authority before being elected to the N.Y. State Senate in 1950; authored many bills in the area of fair housing, civil rights and public health; he authored books on black history; during the 1970s he taught black history at Auburn Community College)</subfield>
    <subfield code="u">http://forthillcemetery.net/Notables/metcalfgeo/metcalfg.html</subfield>
  </datafield>
</record>